<record><leader>00000cas a22000007a 4500</leader><controlfield tag="001">12358721</controlfield><controlfield tag="008">850807d18761879iauwr ne      0    0eng d</controlfield><datafield ind1=" " ind2=" " tag="010"><subfield code="a">sn 85049665 </subfield></datafield><datafield ind1=" " ind2=" " tag="040"><subfield code="a">INP</subfield><subfield code="b">eng</subfield><subfield code="c">INP</subfield><subfield code="d">OCLCQ</subfield></datafield><datafield ind1=" " ind2=" " tag="042"><subfield code="a">msc</subfield></datafield><datafield ind1="0" ind2="4" tag="245"><subfield code="a">The Center Point mirror.</subfield></datafield><datafield ind1="3" ind2="0" tag="246"><subfield code="a">Mirror</subfield></datafield><datafield ind1=" " ind2=" " tag="260"><subfield code="a">Center Point, Iowa :</subfield><subfield code="b">Dunlap &amp; Metcalf,</subfield><subfield code="c">1876-</subfield></datafield><datafield ind1=" " ind2=" " tag="300"><subfield code="a">v. :</subfield><subfield code="b">ill. (chiefly advertisements)</subfield></datafield><datafield ind1=" " ind2=" " tag="310"><subfield code="a">Weekly</subfield></datafield><datafield ind1="0" ind2=" " tag="362"><subfield code="a">Vol. 1, no. 1 (Nov. 18, 1876)-</subfield></datafield><datafield ind1="1" ind2=" " tag="362"><subfield code="a">Ceased in Apr. 1879.</subfield><subfield code="z">Cf. Courier journal (Center Point, Iowa), May 14, 1879.</subfield></datafield><datafield ind1=" " ind2=" " tag="500"><subfield code="a">Publisher varies.</subfield></datafield><datafield ind1=" " ind2=" " tag="500"><subfield code="a">Originally edited by: T.J. Metcalf.</subfield></datafield><datafield ind1=" " ind2=" " tag="515"><subfield code="a">Vol. 1, no. 49-51 (Oct. 27-Nov. 10, 1877) misnumbered v. 1, no. 50-52.</subfield></datafield><datafield ind1=" " ind2=" " tag="515"><subfield code="a">Vol. 1, no. 52 (Nov. 10, 1877) followed by v. 12, no. 1 (Nov. 29, 1877); volume numbers 2-11 not used.</subfield></datafield><datafield ind1=" " ind2=" " tag="515"><subfield code="a">Nov. 17, 1877 issue not published.</subfield></datafield><datafield ind1=" " ind2=" " tag="752"><subfield code="a">United States</subfield><subfield code="b">Iowa</subfield><subfield code="c">Linn</subfield><subfield code="d">Center Point.</subfield></datafield><datafield ind1="0" ind2="0" tag="785"><subfield code="t">Courier journal (Center Point, Iowa)</subfield><subfield code="w">(DLC)sn 85050833</subfield></datafield><datafield ind1="1" ind2=" " tag="029"><subfield code="a">AU@</subfield><subfield code="b">000025783855</subfield></datafield></record>